<?xml version="1.0" encoding="UTF-8"?><collection xmlns="http://www.loc.gov/MARC21/slim"><record><leader>00593nam--2200193-i-4500</leader><controlfield tag="001">000008405</controlfield><controlfield tag="002">20161230</controlfield><controlfield tag="005">20161230201027</controlfield><controlfield tag="008">060222s1000------------r-----000-0-rum-d</controlfield><datafield ind1=" " ind2=" " tag="040"><subfield code="a">IFIN-HH</subfield></datafield><datafield ind1=" " ind2=" " tag="041"><subfield code="a">rum</subfield></datafield><datafield ind1=" " ind2=" " tag="080"><subfield code="a">539.171</subfield></datafield><datafield ind1="1" ind2=" " tag="100"><subfield code="a">Balea, Elena</subfield></datafield><datafield ind1="1" ind2="0" tag="245"><subfield code="a">Studiul interactiunilor inelastice-proton de multiplicitate petru la energia de 7,5 gev</subfield><subfield code="b">Teza</subfield><subfield code="c">Elena balea</subfield></datafield><datafield ind1=" " ind2=" " tag="260"><subfield code="a">Bucuresti</subfield><subfield code="b">Institutul De Fizica Atomica</subfield><subfield code="c">1966</subfield></datafield><datafield ind1=" " ind2=" " tag="300"><subfield code="a">202P.+VIIP</subfield></datafield><datafield ind1=" " ind2=" " tag="502"><subfield code="a">Conducator Stiintific: Acad.Profesor Horia Hulubei</subfield></datafield><datafield ind1=" " ind2=" " tag="852"><subfield code="a">26265</subfield><subfield code="c">539.17</subfield></datafield><datafield ind1=" " ind2=" " tag="CAT"><subfield code="a">Sys</subfield><subfield code="c">20120601</subfield><subfield code="h">102321</subfield></datafield></record></collection>